<record><leader>00000cas a2200000 a 4500</leader><controlfield tag="001">13155827</controlfield><controlfield tag="008">860215d18691888vauwr ne      0    0eng c</controlfield><datafield ind1=" " ind2=" " tag="010"><subfield code="a">sn 86079057 </subfield></datafield><datafield ind1=" " ind2=" " tag="040"><subfield code="a">NPU</subfield><subfield code="b">eng</subfield><subfield code="c">NPU</subfield><subfield code="d">DLC</subfield><subfield code="d">NVK</subfield><subfield code="d">DLC</subfield><subfield code="d">NVF</subfield><subfield code="d">NVK</subfield><subfield code="d">OCLCQ</subfield><subfield code="d">OCLCF</subfield><subfield code="d">OCLCO</subfield></datafield><datafield ind1="1" ind2=" " tag="029"><subfield code="a">AU@</subfield><subfield code="b">000020422530</subfield></datafield><datafield ind1=" " ind2=" " tag="042"><subfield code="a">pcc</subfield></datafield><datafield ind1=" " ind2=" " tag="043"><subfield code="a">n-us-va</subfield></datafield><datafield ind1="0" ind2=" " tag="130"><subfield code="a">Richmond weekly Whig (Richmond, Va. : 1869)</subfield></datafield><datafield ind1="1" ind2="0" tag="245"><subfield code="a">Richmond weekly Whig.</subfield></datafield><datafield ind1="3" ind2=" " tag="246"><subfield code="a">Richmond Virginia weekly Whig</subfield></datafield><datafield ind1="1" ind2="3" tag="246"><subfield code="a">Richmond Whig</subfield></datafield><datafield ind1=" " ind2=" " tag="260"><subfield code="a">Richmond, Va. :</subfield><subfield code="b">Moseley &amp; Shields,</subfield><subfield code="c">1869-</subfield></datafield><datafield ind1=" " ind2=" " tag="300"><subfield code="a">v.</subfield></datafield><datafield ind1=" " ind2=" " tag="310"><subfield code="a">Weekly</subfield></datafield><datafield ind1="0" ind2=" " tag="362"><subfield code="a">New ser. v. 2, no. 29 (Mar 24, 1869)-</subfield></datafield><datafield ind1="1" ind2=" " tag="362"><subfield code="a">Ceased in 1888.</subfield></datafield><datafield ind1=" " ind2=" " tag="500"><subfield code="a">"Virginia" appears over logo which is located between the words "Richmond" and "weekly" in masthead.</subfield></datafield><datafield ind1=" " ind2=" " tag="500"><subfield code="a">Publisher varies: J.C. Shields, &lt;1871-1875&gt;; Wyatt M. Elliott &amp; Co., &lt;1875-1878&gt; ; Richmond Whig Co., &lt;1887&gt;-</subfield></datafield><datafield ind1=" " ind2=" " tag="515"><subfield code="a">Issue for Jan. 14, 1874 called 51st year, no. 2.</subfield></datafield><datafield ind1=" " ind2=" " tag="530"><subfield code="a">Microfilm available from New York Public Library.</subfield></datafield><datafield ind1=" " ind2=" " tag="580"><subfield code="a">Daily ed.: Richmond daily Whig (Richmond, Va. : 1869), 1869-1885.</subfield></datafield><datafield ind1=" " ind2=" " tag="580"><subfield code="a">Semiweekly ed.: Richmond Whig and advertiser, 1869-&lt;1885&gt;.</subfield></datafield><datafield ind1=" " ind2="0" tag="651"><subfield code="a">Richmond (Va.)</subfield><subfield code="v">Newspapers.</subfield></datafield><datafield ind1=" " ind2="7" tag="655"><subfield code="a">Newspapers.</subfield><subfield code="2">fast</subfield><subfield code="0">(OCoLC)fst01423814</subfield></datafield><datafield ind1=" " ind2="7" tag="651"><subfield code="a">Virginia</subfield><subfield code="z">Richmond.</subfield><subfield code="2">fast</subfield><subfield code="0">(OCoLC)fst01205345</subfield></datafield><datafield ind1=" " ind2=" " tag="752"><subfield code="a">United States</subfield><subfield code="b">Virginia</subfield><subfield code="d">Richmond.</subfield></datafield><datafield ind1="1" ind2=" " tag="775"><subfield code="t">Richmond daily Whig (Richmond, Va. : 1869)</subfield><subfield code="w">(DLC)sn 84024668</subfield></datafield><datafield ind1="1" ind2=" " tag="775"><subfield code="t">Richmond Whig and advertiser</subfield><subfield code="w">(DLC)sn 85026844</subfield></datafield><datafield ind1="0" ind2="0" tag="780"><subfield code="t">Weekly Richmond Whig (Richmond, Va. : 1867)</subfield><subfield code="w">(DLC)sn 86079052</subfield></datafield></record>